<record><leader>00000cas a22000007a 4500</leader><controlfield tag="001">14878776</controlfield><controlfield tag="008">861126d18961896inudn ne      0    0eng d</controlfield><datafield ind1=" " ind2=" " tag="010"><subfield code="a">sn 86059089 </subfield></datafield><datafield ind1=" " ind2=" " tag="040"><subfield code="a">NPI</subfield><subfield code="b">eng</subfield><subfield code="c">NPI</subfield><subfield code="d">OCLCQ</subfield></datafield><datafield ind1=" " ind2=" " tag="042"><subfield code="a">msc</subfield></datafield><datafield ind1="0" ind2="4" tag="245"><subfield code="a">The Lafayette call.</subfield></datafield><datafield ind1=" " ind2=" " tag="260"><subfield code="a">Lafayette, Ind. :</subfield><subfield code="b">John George, Jr.,</subfield><subfield code="c">1896.</subfield></datafield><datafield ind1=" " ind2=" " tag="310"><subfield code="a">Daily (except Sun.)</subfield></datafield><datafield ind1="0" ind2=" " tag="362"><subfield code="a">13th year (July 27, 1896)-v. 27, no. 225 (Dec. 17, 1896).</subfield></datafield><datafield ind1=" " ind2=" " tag="500"><subfield code="a">"Lafayette" appears above title ornament, Aug. 3, 1896-Dec. 12, 1896.</subfield></datafield><datafield ind1=" " ind2=" " tag="580"><subfield code="a">Issued also in a weekly ed. called: Lafayette weekly call.</subfield></datafield><datafield ind1=" " ind2=" " tag="752"><subfield code="a">United States</subfield><subfield code="b">Indiana</subfield><subfield code="c">Tippecanoe</subfield><subfield code="d">Lafayette.</subfield></datafield><datafield ind1="1" ind2=" " tag="775"><subfield code="t">Lafayette weekly call</subfield><subfield code="w">(DLC)sn 86059087</subfield></datafield><datafield ind1="0" ind2="0" tag="780"><subfield code="t">Evening call (Lafayette, Ind.)</subfield><subfield code="w">(DLC)sn 86059087</subfield></datafield><datafield ind1="0" ind2="0" tag="785"><subfield code="t">Lafayette evening call</subfield><subfield code="w">(DLC)sn 86059090</subfield></datafield></record>